<?xml version="1.0" encoding="UTF-8"?>
<record xmlns="http://www.loc.gov/MARC21/slim">
   <leader>01133cam a2200241 a 4500</leader>
   <controlfield tag="001">398401</controlfield>
   <controlfield tag="003">NjP</controlfield>
   <controlfield tag="005">20171012080714.0</controlfield>
   <controlfield tag="008">870918m19859999ir            00010 ara d</controlfield>
   <datafield tag="024" ind1="7" ind2=" ">
      <subfield code="a">princeton_aco003934</subfield>
      <subfield code="2">local</subfield>
   </datafield>
   <datafield ind1=" " ind2=" " tag="035">
      <subfield code="a">(OCoLC)22319324</subfield>
   </datafield>
   <datafield ind1=" " ind2=" " tag="035">
      <subfield code="a">(CStRLIN)NJPG87-B45649</subfield>
   </datafield>
   <datafield ind1=" " ind2=" " tag="035">
      <subfield code="9">ABX3895TS</subfield>
   </datafield>
   <datafield ind1=" " ind2=" " tag="040">
      <subfield code="a">NjP</subfield>
      <subfield code="c">NjP</subfield>
   </datafield>
   <datafield ind1="1" ind2=" " tag="100">
      <subfield code="a">Burūjirdī, Muḥammad Taqī.</subfield>
   </datafield>
   <datafield ind1="1" ind2="0" tag="245">
      <subfield code="a">Nihāyat al-afkār fī mabāḥith al-alfāẓ :</subfield>
      <subfield code="b">taqrīr abḥāth al-ʻallāmah al-muḥaqqiq Āyat Allāh al-ʻuẓmá al-shaykh Āghā Ḍiyāʾ al-Dīn al-ʻIrāqī /</subfield>
      <subfield code="c">taʾlīf Muḥammad Taqī al-Burūjirdī al-Najafī.</subfield>
   </datafield>
   <datafield ind1=" " ind2=" " tag="260">
      <subfield code="a">Qum, Īrān :</subfield>
      <subfield code="b">Muʾassasat al-Nashr al-Islami,</subfield>
      <subfield code="c">1405- [1984 or 1985]-</subfield>
   </datafield>
   <datafield ind1=" " ind2=" " tag="300">
      <subfield code="a">v. ;</subfield>
      <subfield code="c">24 cm.</subfield>
   </datafield>
   <datafield ind1=" " ind2=" " tag="500">
      <subfield code="a">Vol. 3, pt. 1- published by Intishārāt-i Islam-i.</subfield>
   </datafield>
   <datafield ind1=" " ind2="0" tag="650">
      <subfield code="a">Islamic law</subfield>
      <subfield code="x">Interpretation and construction.</subfield>
      <subfield code="0">http://id.loc.gov/authorities/subjects/sh85068455</subfield>
   </datafield>
   <datafield ind1=" " ind2="0" tag="650">
      <subfield code="a">Shīʻah.</subfield>
      <subfield code="0">http://id.loc.gov/authorities/subjects/sh85121390</subfield>
   </datafield>
   <datafield ind1="1" ind2=" " tag="700">
      <subfield code="a">ʻIrāqī, Ḍiyāʾ al-Dīn.</subfield>
   </datafield>
   <datafield ind1=" " ind2=" " tag="998">
      <subfield code="a">04/18/89</subfield>
      <subfield code="s">9118</subfield>
      <subfield code="n">NjP</subfield>
      <subfield code="w">NJPG87B45649</subfield>
      <subfield code="d">09/18/87</subfield>
      <subfield code="c">DGH</subfield>
      <subfield code="b">DGH</subfield>
      <subfield code="i">890418</subfield>
      <subfield code="l">NJPG</subfield>
   </datafield>
   <datafield ind1=" " ind2=" " tag="911">
      <subfield code="a">19921028</subfield>
   </datafield>
   <datafield ind1=" " ind2=" " tag="912">
      <subfield code="a">19900508000000.0</subfield>
   </datafield>
   <datafield ind1="8" ind2="1" tag="852">
      <subfield code="0">434435</subfield>
      <subfield code="b">rcppa</subfield>
      <subfield code="t">1</subfield>
      <subfield code="h">KBL</subfield>
      <subfield code="i">.B878</subfield>
      <subfield code="x">tr fr arab</subfield>
   </datafield>
   <datafield ind1=" " ind2="0" tag="866">
      <subfield code="0">434435</subfield>
      <subfield code="8">0</subfield>
      <subfield code="a">juzʾ 1-2; juzʾ 3, qism 1-2</subfield>
   </datafield>
   <datafield ind1=" " ind2="0" tag="866">
      <subfield code="0">434435</subfield>
      <subfield code="8">0</subfield>
      <subfield code="x">ADD AS: juz, qism</subfield>
   </datafield>
   <datafield ind1=" " ind2="0" tag="866">
      <subfield code="0">434435</subfield>
      <subfield code="z">juz' 3, qism 1 is missing, at time of transfer, 6/11/07, wa</subfield>
   </datafield>
   <datafield ind1=" " ind2=" " tag="959">
      <subfield code="a">2000-06-13 00:00:00 -0400</subfield>
   </datafield>
</record>
